<?xml version="1.0" encoding="UTF-8"?><collection xmlns="http://www.loc.gov/MARC21/slim"><record><leader>00400nam--2200121-i-4500</leader><controlfield tag="001">000006837</controlfield><controlfield tag="002">20161230</controlfield><controlfield tag="005">20161230201027</controlfield><controlfield tag="008">060222s1000------------r-----000-0-eng-d</controlfield><datafield ind1=" " ind2=" " tag="100"><subfield code="a">Rodriguez De Benyacar, M., Poljak, R.Y Jimenez De Abeledo, M</subfield></datafield><datafield ind1=" " ind2=" " tag="245"><subfield code="a">Estudio cristalografico de la carnotita artificial</subfield></datafield><datafield ind1=" " ind2=" " tag="260"><subfield code="a">Buenos Aires, Comision Nacional De Energia Atomica, 1957</subfield></datafield><datafield ind1=" " ind2=" " tag="490"><subfield code="a">Publ.Serie Fisica</subfield></datafield></record></collection>